<?xml version="1.0" encoding="UTF-8"?>
<collection xmlns:xsi="http://www.w3.org/2001/XMLSchema-instance" xsi:schemaLocation="http://www.loc.gov/MARC21/slim http://www.loc.gov/standards/marcxml/schema/MARC21slim.xsd" xmlns="http://www.loc.gov/MARC21/slim">
<record>
  <leader>00866cam a2200241I  4500</leader>
  <controlfield tag="001">3074008</controlfield>
  <controlfield tag="003">NNC</controlfield>
  <controlfield tag="005">20140317144101.0</controlfield>
  <controlfield tag="008">990115s1945    ua            000 0 araod</controlfield>
  <datafield tag="035" ind1=" " ind2=" ">
    <subfield code="a">(OCoLC)ocm40972078</subfield>
  </datafield>
  <datafield tag="035" ind1=" " ind2=" ">
    <subfield code="a">(OCoLC)40972078</subfield>
  </datafield>
  <datafield tag="035" ind1=" " ind2=" ">
    <subfield code="a">(NNC)3074008</subfield>
  </datafield>
  <datafield tag="040" ind1=" " ind2=" ">
    <subfield code="a">CGU</subfield>
    <subfield code="c">CGU</subfield>
  </datafield>
  <datafield tag="100" ind1="1" ind2=" ">
    <subfield code="a">Zayyāt, Aḥmad Ḥasan,</subfield>
    <subfield code="d">1885-1968.</subfield>
  </datafield>
  <datafield tag="245" ind1="1" ind2="0">
    <subfield code="6">880-01</subfield>
    <subfield code="a">Difāʻ ʻan al-balāghah /</subfield>
    <subfield code="c">[taʼlīf] Aḥmad Ḥasan al-Zayyāt.</subfield>
  </datafield>
  <datafield tag="260" ind1=" " ind2=" ">
    <subfield code="6">880-02</subfield>
    <subfield code="a">[Cairo] :</subfield>
    <subfield code="b">Maṭbaʻat al-Risālah,</subfield>
    <subfield code="c">1945.</subfield>
  </datafield>
  <datafield tag="300" ind1=" " ind2=" ">
    <subfield code="a">164 p.</subfield>
    <subfield code="c">22 cm.</subfield>
  </datafield>
  <datafield tag="504" ind1=" " ind2=" ">
    <subfield code="a">Bibliographical footnotes.</subfield>
  </datafield>
  <datafield tag="650" ind1=" " ind2="0">
    <subfield code="a">Arabic language</subfield>
    <subfield code="x">Rhetoric.</subfield>
  </datafield>
  <datafield tag="880" ind1="1" ind2=" ">
    <subfield code="6">100-00/r</subfield>
    <subfield code="a">زيات، أحمد حسن،</subfield>
    <subfield code="d">1968-1885.</subfield>
  </datafield>
  <datafield tag="880" ind1="1" ind2="0">
    <subfield code="6">245-01/r</subfield>
    <subfield code="a">دفاع عن البلاغة /</subfield>
    <subfield code="c">أحمد حسن الزيات.</subfield>
  </datafield>
  <datafield tag="880" ind1=" " ind2=" ">
    <subfield code="6">260-02/r</subfield>
    <subfield code="a">[القاهرة] :</subfield>
    <subfield code="b">مطبعة الرسالة،</subfield>
    <subfield code="c">1945.</subfield>
  </datafield>
  <datafield tag="955" ind1=" " ind2=" ">
    <subfield code="b">CU58884238</subfield>
    <subfield code="d">off,glx</subfield>
    <subfield code="e">893.741 Z19</subfield>
  </datafield>
</record>
</collection>